<record><leader>00000cas a2200000 a 4500</leader><controlfield tag="001">37347258</controlfield><controlfield tag="008">970724d19951999gaucr ne      0    0eng c</controlfield><datafield ind1=" " ind2=" " tag="010"><subfield code="a">sn 97061002 </subfield></datafield><datafield ind1=" " ind2=" " tag="040"><subfield code="a">NLG</subfield><subfield code="b">eng</subfield><subfield code="c">NLG</subfield><subfield code="d">OCLCQ</subfield><subfield code="d">GUA</subfield><subfield code="d">OCLCQ</subfield><subfield code="d">OCLCF</subfield><subfield code="d">OCLCO</subfield></datafield><datafield ind1="1" ind2=" " tag="029"><subfield code="a">AU@</subfield><subfield code="b">000013409167</subfield></datafield><datafield ind1=" " ind2=" " tag="042"><subfield code="a">pcc</subfield></datafield><datafield ind1=" " ind2=" " tag="043"><subfield code="a">n-us-ga</subfield></datafield><datafield ind1="0" ind2="0" tag="245"><subfield code="a">Chieftain &amp; Toccoa record.</subfield></datafield><datafield ind1="3" ind2=" " tag="246"><subfield code="a">Chieftain and Toccoa record</subfield></datafield><datafield ind1=" " ind2=" " tag="260"><subfield code="a">Athens, Ga. :</subfield><subfield code="b">Community Newspapers,</subfield><subfield code="c">1995-1999.</subfield></datafield><datafield ind1=" " ind2=" " tag="300"><subfield code="a">v.</subfield></datafield><datafield ind1=" " ind2=" " tag="310"><subfield code="a">Semiweekly (Tues. &amp; Fri.),</subfield><subfield code="b">Apr. 3, 1998-Dec. 29, 1999</subfield></datafield><datafield ind1=" " ind2=" " tag="321"><subfield code="a">Weekly,</subfield><subfield code="b">Nov. 21, 1995-Mar. 31, 1998</subfield></datafield><datafield ind1="0" ind2=" " tag="362"><subfield code="a">Vol. 122, no. 47 (Nov. 21, 1995)-v. 126 no. 101 (Dec. 29, 1999).</subfield></datafield><datafield ind1=" " ind2=" " tag="530"><subfield code="a">Also on microfilm: Athens, Ga. : University of Georgia Libraries.</subfield></datafield><datafield ind1=" " ind2=" " tag="530"><subfield code="a">Formed by the union of: Stephens County chieftain, and: Toccoa record.</subfield></datafield><datafield ind1=" " ind2="0" tag="651"><subfield code="a">Toccoa (Ga.)</subfield><subfield code="v">Newspapers.</subfield></datafield><datafield ind1=" " ind2="0" tag="651"><subfield code="a">Stephens County (Ga.)</subfield><subfield code="v">Newspapers.</subfield></datafield><datafield ind1=" " ind2="7" tag="655"><subfield code="a">Newspapers.</subfield><subfield code="2">fast</subfield><subfield code="0">(OCoLC)fst01423814</subfield></datafield><datafield ind1=" " ind2="7" tag="651"><subfield code="a">Georgia</subfield><subfield code="z">Stephens County.</subfield><subfield code="2">fast</subfield><subfield code="0">(OCoLC)fst01209538</subfield></datafield><datafield ind1=" " ind2="7" tag="651"><subfield code="a">Georgia</subfield><subfield code="z">Toccoa.</subfield><subfield code="2">fast</subfield><subfield code="0">(OCoLC)fst01209889</subfield></datafield><datafield ind1=" " ind2=" " tag="752"><subfield code="a">United States</subfield><subfield code="b">Georgia</subfield><subfield code="c">Clarke</subfield><subfield code="d">Athens.</subfield></datafield><datafield ind1="1" ind2="4" tag="780"><subfield code="t">Stephens County chieftain</subfield><subfield code="w">(DLC)sn 96069011</subfield><subfield code="w">(OCoLC)34727540</subfield></datafield><datafield ind1="1" ind2="4" tag="780"><subfield code="t">Toccoa record</subfield><subfield code="w">(DLC)sn 88054066</subfield><subfield code="w">(OCoLC)22045276</subfield></datafield><datafield ind1="0" ind2="0" tag="785"><subfield code="t">Toccoa record (Athens, Ga. : 2000)</subfield><subfield code="w">(DLC)  2006233253</subfield><subfield code="w">(OCoLC)70002148</subfield></datafield></record>